
https://cloud.acrobat.com/folder/c7eabbff-5c65-4cc7-bb23-aa59f73767bf

https://elearning.df.unipi.it/course/view.php?id=312

@article{patrignani2016review,
  title={Review of particle physics},
  author={Patrignani, C and Particle Data Group and others},
  journal={Chinese physics C},
  volume={40},
  number={10},
  pages={100001},
  year={2016},
  publisher={IOP Publishing},
  keywords={primary,PDB}
}

@book{griffiths2008introduction,
  title={Introduction to elementary particles},
  author={Griffiths, David},
  year={2008},
  publisher={John Wiley \& Sons},
  keywords={primary},
  addendum={1 Historical introduction. 2 Elementary particles dynamics. 3  Relativistic kinematics. 4 Symmetries. 5 Bound states. 6 The Feyman calculus. 7 Quantum electrodynamics. 8 Electrodynamics of quarks and hadrons. 9 Quantum Chromodynamics. 10 Weak Interactions. 11 Gauge theories}
}

@online{reg18,
  author = {CSF},
      title = {RegLez (Unimap) 18/19},
  year = 2018,
  url = {https://unimap.unipi.it/registri/dettregistriNEW.php?re=3285631::::&ri=1954},
  urldate = {2018-12-05}
}